@article{callaham2019robust,
  title={Robust flow reconstruction from limited measurements via sparse representation},
  author={Callaham, Jared L and Maeda, Kazuki and Brunton, Steven L},
  journal={Physical Review Fluids},
  volume={4},
  number={10},
  pages={103907},
  year={2019},
  publisher={APS}
}